<record><leader>00000cas a22000007a 4500</leader><controlfield tag="001">18436318</controlfield><controlfield tag="008">880901d19171918nyuwn ne      0    0eng d</controlfield><datafield ind1=" " ind2=" " tag="010"><subfield code="a">sn 89071275 </subfield></datafield><datafield ind1=" " ind2=" " tag="040"><subfield code="a">NYS</subfield><subfield code="b">eng</subfield><subfield code="c">NYS</subfield><subfield code="d">OCLCQ</subfield></datafield><datafield ind1=" " ind2=" " tag="042"><subfield code="a">msc</subfield></datafield><datafield ind1="0" ind2=" " tag="130"><subfield code="a">Geneva daily news (Geneva, N.Y. : 1917)</subfield></datafield><datafield ind1="1" ind2="0" tag="245"><subfield code="a">Geneva daily news.</subfield></datafield><datafield ind1="1" ind2="3" tag="246"><subfield code="a">Geneva daily news, gazette and advertiser</subfield></datafield><datafield ind1=" " ind2=" " tag="260"><subfield code="a">Geneva, N.Y. :</subfield><subfield code="b">Goodwin Press</subfield></datafield><datafield ind1=" " ind2=" " tag="300"><subfield code="a">v.</subfield></datafield><datafield ind1=" " ind2=" " tag="310"><subfield code="a">Daily (except Sunday)</subfield></datafield><datafield ind1="1" ind2=" " tag="362"><subfield code="a">Began Nov. 1917; ceased Dec. 22, 1918.</subfield></datafield><datafield ind1=" " ind2=" " tag="588"><subfield code="a">Description based on: [vol.] 109 (Dec. 22, 1917).</subfield></datafield><datafield ind1=" " ind2="4" tag="651"><subfield code="a">Geneva (N.Y.)</subfield><subfield code="v">Newspapers.</subfield></datafield><datafield ind1=" " ind2=" " tag="752"><subfield code="a">United States</subfield><subfield code="b">New York</subfield><subfield code="c">Ontario</subfield><subfield code="d">Geneva.</subfield></datafield><datafield ind1="0" ind2="4" tag="785"><subfield code="t">Geneva daily times (Geneva, N.Y. : 1911)</subfield><subfield code="w">(DLC)sn 88074668</subfield></datafield><datafield ind1="1" ind2=" " tag="029"><subfield code="a">AU@</subfield><subfield code="b">000020555888</subfield></datafield></record>